@book{shankar,
  title={Principles of Quantum Mechanics},
  author={Shankar, R.},
  isbn={9780306403972},
  lccn={79024490},
  url={https://books.google.com/books?id=PF6hQgAACAAJ},
  year={1995},
  publisher={Springer US}
}

@book{griffiths,
  title={Introduction to Quantum Mechanics},
  author={Griffiths, D.J.},
  isbn={9780131118928},
  lccn={2003027110},
  series={Pearson international edition},
  year={2005},
  publisher={Pearson Prentice Hall}
}

@book{tuckerman,
  title={Statistical Mechanics: Theory and Molecular Simulation},
  author={Tuckerman, M.E.},
  series={Oxford graduate texts},
  year={2011},
  publisher={Oxford University Press}
}

@misc{gren,
  author={Gren, M. and Wahnstr\"om, G.},
  title={Coupled harmonic oscillators},
  howpublished={\url{http://web.student.chalmers.se/~gmartin/CompPhys/E1/E1.pdf}},
  note={(visited on 09/01/2019)}
}

@article{liu,
   title={A simple and accurate algorithm for path integral molecular dynamics with the Langevin thermostat},
   volume={145},
   ISSN={1089-7690},
   url={http://dx.doi.org/10.1063/1.4954990},
   DOI={10.1063/1.4954990},
   number={2},
   journal={The Journal of Chemical Physics},
   publisher={AIP Publishing},
   author={Liu, Jian and Li, Dezhang and Liu, Xinzijian},
   year={2016},
   month={Jul},
   pages={024103}
}

@article{berne,
   title={Efficient molecular dynamics and hybrid Monte Carlo algorithms for path integrals},
   volume={145},
   ISSN={1089-7690},
   url={http://dx.doi.org/10.1063/1.4954990},
   DOI={10.1063/1.4954990},
   number={2},
   journal={The Journal of Chemical Physics},
   publisher={AIP Publishing},
   author={Berne, Bruce J., Klein, Michael L., Martyna Glenn J., Tuckerman Mark E.},
   year={2016},
   month={Jul},
   pages={024103}
}

@article{berne,
author = {Berne, Bruce J., Klein, Michael L., Martyna Glenn J., Tuckerman Mark E.},
title = {Efficient molecular dynamics and hybrid Monte Carlo algorithms for path integrals},
journal = {The Journal of Chemical Physics},
volume = {99},
number = {4},
pages = {2796-2808},
year = {1993},
doi = {10.1063/1.465188},
}
